@ARTICLE{2014arXiv1408.1278K,
   author = {{Kendrew}, S. and {Deen}, C. and {Radziwill}, N. and {Crawford}, S. and 
	{Gilbert}, J. and {Gully-Santiago}, M. and {Kubanek}, P.},
    title = "{The first SPIE software Hack Day}",
  journal = {ArXiv e-prints},
archivePrefix = "arXiv",
   eprint = {1408.1278},
 primaryClass = "astro-ph.IM",
 keywords = {Astrophysics - Instrumentation and Methods for Astrophysics, Computer Science - Computers and Society, Physics - Optics},
     year = 2014,
    month = aug,
   adsurl = {http://adsabs.harvard.edu/abs/2014arXiv1408.1278K},
  adsnote = {Provided by the SAO/NASA Astrophysics Data System}
}

@ARTICLE{2013AN....334..159J,
   author = {{Joergens}, V. and {Herczeg}, G. and {Liu}, Y. and {Pascucci}, I. and 
	{Whelan}, E. and {Alcal{\'a}}, J. and {Biazzo}, K. and {Costigan}, G. and 
	{Gully-Santiago}, M. and {Henning}, T. and {Natta}, A. and {Rigliaco}, E. and 
	{Rodr{\'{\i}}guez-Ledesma}, M.~V. and {Sicilia-Aguilar}, A. and 
	{Tottle}, J. and {Wolf}, S.},
    title = "{Disks, accretion and outflows of brown dwarfs}",
  journal = {Astronomische Nachrichten},
archivePrefix = "arXiv",
   eprint = {1208.0596},
 primaryClass = "astro-ph.SR",
 keywords = {accretion, accretion disks, circumstellar matter, ISM: jets and outflows, stars: low mass, brown dwarfs, stars: pre-main sequence},
     year = 2013,
    month = feb,
   volume = 334,
    pages = {159},
      doi = {10.1002/asna.201211745},
   adsurl = {http://adsabs.harvard.edu/abs/2013AN....334..159J},
  adsnote = {Provided by the SAO/NASA Astrophysics Data System}
}

@INPROCEEDINGS{2012SPIE.8550E..1BH,
   author = {{Han}, J.-Y. and {Yuk}, I.-S. and {Ko}, K. and {Oh}, H. and 
	{Nah}, J. and {Oh}, J.~S. and {Park}, C. and {Lee}, S. and {Kim}, K.-M. and 
	{Chun}, M.-Y. and {Jaffe}, D.~T. and {Pak}, S. and {Gully-Santiago}, M.
	},
    title = "{Alignment based on a no adjustment philosophy for the Immersion Grating Infrared Spectrometer (IGRINS)}",
booktitle = {Society of Photo-Optical Instrumentation Engineers (SPIE) Conference Series},
     year = 2012,
   series = {Society of Photo-Optical Instrumentation Engineers (SPIE) Conference Series},
   volume = 8550,
    month = dec,
      eid = {85501B},
      doi = {10.1117/12.981169},
   adsurl = {http://adsabs.harvard.edu/abs/2012SPIE.8550E..1BH},
  adsnote = {Provided by the SAO/NASA Astrophysics Data System}
}

@INPROCEEDINGS{2012SPIE.8450E..2SG,
   author = {{Gully-Santiago}, M. and {Wang}, W. and {Deen}, C. and {Jaffe}, D.
	},
    title = "{Near-infrared metrology of high-performance silicon immersion gratings}",
booktitle = {Society of Photo-Optical Instrumentation Engineers (SPIE) Conference Series},
     year = 2012,
   series = {Society of Photo-Optical Instrumentation Engineers (SPIE) Conference Series},
   volume = 8450,
    month = sep,
      eid = {84502S},
      doi = {10.1117/12.926434},
   adsurl = {http://adsabs.harvard.edu/abs/2012SPIE.8450E..2SG},
  adsnote = {Provided by the SAO/NASA Astrophysics Data System}
}

@INPROCEEDINGS{2011ASPC..448..633G,
   author = {{Gully-Santiago}, M.~A. and {Allers}, K.~N. and {Jaffe}, D.~T.
	},
    title = "{Confirmation and Characterization of Young Disk-Bearing Brown Dwarfs and sub-Brown Dwarfs}",
booktitle = {16th Cambridge Workshop on Cool Stars, Stellar Systems, and the Sun},
     year = 2011,
   series = {Astronomical Society of the Pacific Conference Series},
   volume = 448,
   editor = {{Johns-Krull}, C. and {Browning}, M.~K. and {West}, A.~A.},
    month = dec,
    pages = {633},
   adsurl = {http://adsabs.harvard.edu/abs/2011ASPC..448..633G},
  adsnote = {Provided by the SAO/NASA Astrophysics Data System}
}

@INPROCEEDINGS{2011AAS...21743305D,
   author = {{Deen}, C. and {Gully-Santiago}, M. and {Wang}, W. and {Jaffe}, D.~T. and 
	{Kelly}, D. and {Greene}, T.~P.},
    title = "{Moderate Resolution Near-IR Silicon Grisms For NIRCAM On JWST}",
booktitle = {American Astronomical Society Meeting Abstracts 217},
     year = 2011,
   series = {Bulletin of the American Astronomical Society},
   volume = 43,
    month = jan,
    pages = {433.05},
   adsurl = {http://adsabs.harvard.edu/abs/2011AAS...21743305D},
  adsnote = {Provided by the SAO/NASA Astrophysics Data System}
}

@INPROCEEDINGS{2010SPIE.7739E..4LW,
   author = {{Wang}, W. and {Gully-Santiago}, M. and {Deen}, C. and {Mar}, D.~J. and 
	{Jaffe}, D.~T.},
    title = "{Manufacturing of silicon immersion gratings for infrared spectrometers}",
booktitle = {Society of Photo-Optical Instrumentation Engineers (SPIE) Conference Series},
     year = 2010,
   series = {Society of Photo-Optical Instrumentation Engineers (SPIE) Conference Series},
   volume = 7739,
    month = jul,
      eid = {77394L},
      doi = {10.1117/12.857164},
   adsurl = {http://adsabs.harvard.edu/abs/2010SPIE.7739E..4LW},
  adsnote = {Provided by the SAO/NASA Astrophysics Data System}
}

@INPROCEEDINGS{2010SPIE.7739E..3SG,
   author = {{Gully-Santiago}, M. and {Wang}, W. and {Deen}, C. and {Kelly}, D. and 
	{Greene}, T.~P. and {Bacon}, J. and {Jaffe}, D.~T.},
    title = "{High-performance silicon grisms for 1.2-8.0 {$\mu$}m: detailed results from the JWST-NIRCam devices}",
booktitle = {Society of Photo-Optical Instrumentation Engineers (SPIE) Conference Series},
     year = 2010,
   series = {Society of Photo-Optical Instrumentation Engineers (SPIE) Conference Series},
   volume = 7739,
    month = jul,
      eid = {77393S},
      doi = {10.1117/12.857568},
   adsurl = {http://adsabs.harvard.edu/abs/2010SPIE.7739E..3SG},
  adsnote = {Provided by the SAO/NASA Astrophysics Data System}
}

@INPROCEEDINGS{2010SPIE.7735E..2KL,
   author = {{Lee}, S. and {Yuk}, I.-S. and {Lee}, H. and {Wang}, W. and 
	{Park}, C. and {Park}, K.-J. and {Chun}, M.-Y. and {Pak}, S. and 
	{Strubhar}, J. and {Deen}, C. and {Gully-Santiago}, M. and {Rand}, J. and 
	{Seo}, H. and {Kwon}, J. and {Oh}, H. and {Barnes}, S. and {Lacy}, J. and 
	{Goertz}, J. and {Park}, W.-K. and {Pyo}, T.-S. and {Jaffe}, D.~T.
	},
    title = "{GMTNIRS (Giant Magellan Telescope near-infrared spectrograph): design concept}",
booktitle = {Society of Photo-Optical Instrumentation Engineers (SPIE) Conference Series},
     year = 2010,
   series = {Society of Photo-Optical Instrumentation Engineers (SPIE) Conference Series},
   volume = 7735,
    month = jul,
      eid = {77352K},
      doi = {10.1117/12.857630},
   adsurl = {http://adsabs.harvard.edu/abs/2010SPIE.7735E..2KL},
  adsnote = {Provided by the SAO/NASA Astrophysics Data System}
}

@INPROCEEDINGS{2010SPIE.7735E..1MY,
   author = {{Yuk}, I.-S. and {Jaffe}, D.~T. and {Barnes}, S. and {Chun}, M.-Y. and 
	{Park}, C. and {Lee}, S. and {Lee}, H. and {Wang}, W. and {Park}, K.-J. and 
	{Pak}, S. and {Strubhar}, J. and {Deen}, C. and {Oh}, H. and 
	{Seo}, H. and {Pyo}, T.-S. and {Park}, W.-K. and {Lacy}, J. and 
	{Goertz}, J. and {Rand}, J. and {Gully-Santiago}, M.},
    title = "{Preliminary design of IGRINS (Immersion GRating INfrared Spectrograph)}",
booktitle = {Society of Photo-Optical Instrumentation Engineers (SPIE) Conference Series},
     year = 2010,
   series = {Society of Photo-Optical Instrumentation Engineers (SPIE) Conference Series},
   volume = 7735,
    month = jul,
      eid = {77351M},
      doi = {10.1117/12.856864},
   adsurl = {http://adsabs.harvard.edu/abs/2010SPIE.7735E..1MY},
  adsnote = {Provided by the SAO/NASA Astrophysics Data System}
}

@INPROCEEDINGS{2010SPIE.7731E..0CG,
   author = {{Greene}, T. and {Beichman}, C. and {Gully-Santiago}, M. and 
	{Jaffe}, D. and {Kelly}, D. and {Krist}, J. and {Rieke}, M. and 
	{Smith}, E.~H.},
    title = "{NIRCam: development and testing of the JWST near-infrared camera}",
booktitle = {Society of Photo-Optical Instrumentation Engineers (SPIE) Conference Series},
     year = 2010,
   series = {Society of Photo-Optical Instrumentation Engineers (SPIE) Conference Series},
   volume = 7731,
    month = jul,
      eid = {77310C},
      doi = {10.1117/12.856615},
   adsurl = {http://adsabs.harvard.edu/abs/2010SPIE.7731E..0CG},
  adsnote = {Provided by the SAO/NASA Astrophysics Data System}
}

@ARTICLE{2007AJ....134.2435W,
   author = {{Willott}, C.~J. and {Delorme}, P. and {Omont}, A. and {Bergeron}, J. and 
	{Delfosse}, X. and {Forveille}, T. and {Albert}, L. and {Reyl{\'e}}, C. and 
	{Hill}, G.~J. and {Gully-Santiago}, M. and {Vinten}, P. and 
	{Crampton}, D. and {Hutchings}, J.~B. and {Schade}, D. and {Simard}, L. and 
	{Sawicki}, M. and {Beelen}, A. and {Cox}, P.},
    title = "{Four Quasars above Redshift 6 Discovered by the Canada-France High-z Quasar Survey}",
  journal = {\aj},
archivePrefix = "arXiv",
   eprint = {0706.0914},
 keywords = {cosmology: observations, intergalactic medium, quasars: absorption lines, quasars: emission lines, quasars: general},
     year = 2007,
    month = dec,
   volume = 134,
    pages = {2435-2450},
      doi = {10.1086/522962},
   adsurl = {http://adsabs.harvard.edu/abs/2007AJ....134.2435W},
  adsnote = {Provided by the SAO/NASA Astrophysics Data System}
}

@INPROCEEDINGS{2006AAS...20915403G,
   author = {{Gully-Santiago}, M.~A.},
    title = "{The McDonald Observatory Skycam Project}",
booktitle = {American Astronomical Society Meeting Abstracts},
     year = 2006,
   series = {Bulletin of the American Astronomical Society},
   volume = 38,
    month = dec,
    pages = {154.03},
   adsurl = {http://adsabs.harvard.edu/abs/2006AAS...20915403G},
  adsnote = {Provided by the SAO/NASA Astrophysics Data System}
}


